<?xml version="1.0" encoding="UTF-8"?><collection xmlns="http://www.loc.gov/MARC21/slim"><record><leader>00367nam--2200133-i-4500</leader><controlfield tag="001">000049633</controlfield><controlfield tag="002">20161230</controlfield><controlfield tag="005">20161230201047</controlfield><controlfield tag="008">060222s1000------------r-----000-0-eng-d</controlfield><datafield ind1=" " ind2=" " tag="080"><subfield code="a">681.5</subfield></datafield><datafield ind1=" " ind2=" " tag="100"><subfield code="a">Arais,E.A. I Iakovlev,N.E</subfield></datafield><datafield ind1=" " ind2=" " tag="245"><subfield code="a">Avtomatizaciia analiticheskih vychislenii v nauchnyh issledovaniiah</subfield></datafield><datafield ind1=" " ind2=" " tag="260"><subfield code="a">Novosibirsk, Nauka, 1985. 224 S</subfield></datafield><datafield ind1=" " ind2=" " tag="852"><subfield code="a">73332</subfield></datafield></record></collection>